<?xml version="1.0" encoding="UTF-8"?>
  <record xmlns="http://www.loc.gov/MARC21/slim" type="Authority">
    <leader>00000nz  a2200000nc 4500</leader>
    <controlfield tag="001">118686739</controlfield>
    <controlfield tag="003">DE-101</controlfield>
    <controlfield tag="005">20200705053243.0</controlfield>
    <controlfield tag="008">880701n||azznnaabn           | aaa    |c</controlfield>
    <datafield tag="024" ind1="7" ind2=" ">
      <subfield code="a">118686739</subfield>
      <subfield code="0">http://d-nb.info/gnd/118686739</subfield>
      <subfield code="2">gnd</subfield>
    </datafield>
    <datafield tag="035" ind1=" " ind2=" ">
      <subfield code="a">(DE-101)118686739</subfield>
    </datafield>
    <datafield tag="035" ind1=" " ind2=" ">
      <subfield code="a">(DE-588)118686739</subfield>
    </datafield>
    <datafield tag="035" ind1=" " ind2=" ">
      <subfield code="z">(DE-588)100987567</subfield>
    </datafield>
    <datafield tag="035" ind1=" " ind2=" ">
      <subfield code="z">(DE-588a)100987567</subfield>
      <subfield code="9">v:zg</subfield>
    </datafield>
    <datafield tag="035" ind1=" " ind2=" ">
      <subfield code="z">(DE-588)172859735</subfield>
    </datafield>
    <datafield tag="035" ind1=" " ind2=" ">
      <subfield code="z">(DE-588a)172859735</subfield>
      <subfield code="9">v:zg</subfield>
    </datafield>
    <datafield tag="035" ind1=" " ind2=" ">
      <subfield code="z">(DE-588a)118686739</subfield>
      <subfield code="9">v:zg</subfield>
    </datafield>
    <datafield tag="035" ind1=" " ind2=" ">
      <subfield code="z">(DE-588c)4092138-4</subfield>
      <subfield code="9">v:zg</subfield>
    </datafield>
    <datafield tag="040" ind1=" " ind2=" ">
      <subfield code="a">DE-101</subfield>
      <subfield code="c">DE-101</subfield>
      <subfield code="9">r:DE-101</subfield>
      <subfield code="b">ger</subfield>
      <subfield code="d">9999</subfield>
    </datafield>
    <datafield tag="042" ind1=" " ind2=" ">
      <subfield code="a">gnd1</subfield>
    </datafield>
    <datafield tag="043" ind1=" " ind2=" ">
      <subfield code="c">XA-AT</subfield>
      <subfield code="c">XA-NL</subfield>
      <subfield code="c">XA-ES</subfield>
    </datafield>
    <datafield tag="065" ind1=" " ind2=" ">
      <subfield code="a">16.5p</subfield>
      <subfield code="2">sswd</subfield>
    </datafield>
    <datafield tag="065" ind1=" " ind2=" ">
      <subfield code="a">3.6p</subfield>
      <subfield code="2">sswd</subfield>
    </datafield>
    <datafield tag="075" ind1=" " ind2=" ">
      <subfield code="b">p</subfield>
      <subfield code="2">gndgen</subfield>
    </datafield>
    <datafield tag="075" ind1=" " ind2=" ">
      <subfield code="b">piz</subfield>
      <subfield code="2">gndspec</subfield>
    </datafield>
    <datafield tag="079" ind1=" " ind2=" ">
      <subfield code="a">g</subfield>
      <subfield code="q">a</subfield>
      <subfield code="q">f</subfield>
      <subfield code="q">s</subfield>
      <subfield code="u">w</subfield>
    </datafield>
    <datafield tag="100" ind1="0" ind2=" ">
      <subfield code="a">Ferdinand</subfield>
      <subfield code="c">Österreich, Erzherzog</subfield>
      <subfield code="d">1609-1641</subfield>
    </datafield>
    <datafield tag="375" ind1=" " ind2=" ">
      <subfield code="a">1</subfield>
      <subfield code="2">iso5218</subfield>
    </datafield>
    <datafield tag="400" ind1="0" ind2=" ">
      <subfield code="a">Ferdinandus</subfield>
      <subfield code="c">Hispania, Infans</subfield>
      <subfield code="d">1609-1641</subfield>
    </datafield>
    <datafield tag="400" ind1="0" ind2=" ">
      <subfield code="a">Ferdinand</subfield>
      <subfield code="c">Spanien, Infant</subfield>
      <subfield code="d">1609-1641</subfield>
    </datafield>
    <datafield tag="400" ind1="0" ind2=" ">
      <subfield code="a">Fernando</subfield>
      <subfield code="c">de Austria</subfield>
      <subfield code="d">1609-1641</subfield>
    </datafield>
    <datafield tag="400" ind1="0" ind2=" ">
      <subfield code="a">Ferdinand</subfield>
      <subfield code="c">Cardinal, Infant</subfield>
      <subfield code="d">1609-1641</subfield>
    </datafield>
    <datafield tag="400" ind1="0" ind2=" ">
      <subfield code="a">Fernando</subfield>
      <subfield code="c">España, Infante</subfield>
      <subfield code="d">1609-1641</subfield>
    </datafield>
    <datafield tag="400" ind1="0" ind2=" ">
      <subfield code="a">Ferdinandus</subfield>
      <subfield code="c">Cardinal</subfield>
      <subfield code="d">1609-1641</subfield>
    </datafield>
    <datafield tag="400" ind1="0" ind2=" ">
      <subfield code="a">Fernando</subfield>
      <subfield code="c">Infante Cardenal</subfield>
      <subfield code="d">1609-1641</subfield>
    </datafield>
    <datafield tag="400" ind1="0" ind2=" ">
      <subfield code="a">Ferdinand</subfield>
      <subfield code="c">Toledo, Erzbischof</subfield>
      <subfield code="d">1609-1641</subfield>
    </datafield>
    <datafield tag="400" ind1="0" ind2=" ">
      <subfield code="a">Fernando</subfield>
      <subfield code="c">Toledo, arzobispo</subfield>
      <subfield code="d">1609-1641</subfield>
    </datafield>
    <datafield tag="400" ind1="0" ind2=" ">
      <subfield code="a">Fernando</subfield>
      <subfield code="c">de Toledo</subfield>
      <subfield code="d">1609-1641</subfield>
    </datafield>
    <datafield tag="400" ind1="0" ind2=" ">
      <subfield code="a">Ferdinand</subfield>
      <subfield code="c">Kardinalinfant</subfield>
      <subfield code="d">1609-1641</subfield>
    </datafield>
    <datafield tag="400" ind1="0" ind2=" ">
      <subfield code="a">Ferdinand</subfield>
      <subfield code="c">Erzherzog von Österreich</subfield>
      <subfield code="d">1609-1641</subfield>
    </datafield>
    <datafield tag="400" ind1="0" ind2=" ">
      <subfield code="a">Ferdinand</subfield>
      <subfield code="c">von Spanien</subfield>
      <subfield code="d">1609-1641</subfield>
    </datafield>
    <datafield tag="400" ind1="0" ind2=" ">
      <subfield code="a">Ferdinand</subfield>
      <subfield code="c">Kardinal Infant</subfield>
      <subfield code="d">1609-1641</subfield>
    </datafield>
    <datafield tag="500" ind1="0" ind2=" ">
      <subfield code="0">(DE-101)118593846</subfield>
      <subfield code="0">(DE-588)118593846</subfield>
      <subfield code="0">https://d-nb.info/gnd/118593846</subfield>
      <subfield code="a">Philipp</subfield>
      <subfield code="b">III.</subfield>
      <subfield code="c">Spanien, König</subfield>
      <subfield code="d">1578-1621</subfield>
      <subfield code="4">bezf</subfield>
      <subfield code="4">https://d-nb.info/standards/elementset/gnd#familialRelationship</subfield>
      <subfield code="w">r</subfield>
      <subfield code="i">Beziehung familiaer</subfield>
      <subfield code="e">Beziehung familiaer</subfield>
      <subfield code="9">v:Vater</subfield>
    </datafield>
    <datafield tag="548" ind1=" " ind2=" ">
      <subfield code="a">1609-1641</subfield>
      <subfield code="4">datl</subfield>
      <subfield code="4">https://d-nb.info/standards/elementset/gnd#dateOfBirthAndDeath</subfield>
      <subfield code="w">r</subfield>
      <subfield code="i">Lebensdaten</subfield>
    </datafield>
    <datafield tag="550" ind1=" " ind2=" ">
      <subfield code="0">(DE-101)042388767</subfield>
      <subfield code="0">(DE-588)4238876-4</subfield>
      <subfield code="0">https://d-nb.info/gnd/4238876-4</subfield>
      <subfield code="a">Feldherr</subfield>
      <subfield code="4">berc</subfield>
      <subfield code="4">https://d-nb.info/standards/elementset/gnd#professionOrOccupation</subfield>
      <subfield code="w">r</subfield>
      <subfield code="i">Charakteristischer Beruf</subfield>
    </datafield>
    <datafield tag="550" ind1=" " ind2=" ">
      <subfield code="0">(DE-101)04057007X</subfield>
      <subfield code="0">(DE-588)4057007-1</subfield>
      <subfield code="0">https://d-nb.info/gnd/4057007-1</subfield>
      <subfield code="a">Statthalter</subfield>
      <subfield code="4">beru</subfield>
      <subfield code="4">https://d-nb.info/standards/elementset/gnd#professionOrOccupation</subfield>
      <subfield code="w">r</subfield>
      <subfield code="i">Beruf</subfield>
    </datafield>
    <datafield tag="550" ind1=" " ind2=" ">
      <subfield code="0">(DE-101)040154718</subfield>
      <subfield code="0">(DE-588)4015471-3</subfield>
      <subfield code="0">https://d-nb.info/gnd/4015471-3</subfield>
      <subfield code="a">Erzbischof</subfield>
      <subfield code="4">beru</subfield>
      <subfield code="4">https://d-nb.info/standards/elementset/gnd#professionOrOccupation</subfield>
      <subfield code="w">r</subfield>
      <subfield code="i">Beruf</subfield>
    </datafield>
    <datafield tag="550" ind1=" " ind2=" ">
      <subfield code="0">(DE-101)04163313X</subfield>
      <subfield code="0">(DE-588)4163313-1</subfield>
      <subfield code="0">https://d-nb.info/gnd/4163313-1</subfield>
      <subfield code="a">Kardinal</subfield>
      <subfield code="4">beru</subfield>
      <subfield code="4">https://d-nb.info/standards/elementset/gnd#professionOrOccupation</subfield>
      <subfield code="w">r</subfield>
      <subfield code="i">Beruf</subfield>
    </datafield>
    <datafield tag="551" ind1=" " ind2=" ">
      <subfield code="0">(DE-101)040144224</subfield>
      <subfield code="0">(DE-588)4014422-7</subfield>
      <subfield code="0">https://d-nb.info/gnd/4014422-7</subfield>
      <subfield code="a">El Escorial</subfield>
      <subfield code="4">ortg</subfield>
      <subfield code="4">https://d-nb.info/standards/elementset/gnd#placeOfBirth</subfield>
      <subfield code="w">r</subfield>
      <subfield code="i">Geburtsort</subfield>
    </datafield>
    <datafield tag="551" ind1=" " ind2=" ">
      <subfield code="0">(DE-101)040084604</subfield>
      <subfield code="0">(DE-588)4008460-7</subfield>
      <subfield code="0">https://d-nb.info/gnd/4008460-7</subfield>
      <subfield code="a">Brüssel</subfield>
      <subfield code="4">orts</subfield>
      <subfield code="4">https://d-nb.info/standards/elementset/gnd#placeOfDeath</subfield>
      <subfield code="w">r</subfield>
      <subfield code="i">Sterbeort</subfield>
    </datafield>
    <datafield tag="667" ind1=" " ind2=" ">
      <subfield code="a">12</subfield>
    </datafield>
    <datafield tag="670" ind1=" " ind2=" ">
      <subfield code="a">Enc. univ.</subfield>
    </datafield>
    <datafield tag="670" ind1=" " ind2=" ">
      <subfield code="a">Wikipedia</subfield>
      <subfield code="u">https://de.wikipedia.org/wiki/Ferdinand_von_Spanien</subfield>
    </datafield>
    <datafield tag="672" ind1=" " ind2="0">
      <subfield code="a">Declaracion de Su Alteza el Serenissimo Infante Cardenal, to*. - 1635</subfield>
    </datafield>
    <datafield tag="672" ind1=" " ind2="0">
      <subfield code="a">Relacion embiada de Bruselas a esta villa de Madrid, en una carta de 14. de Noviembre de *. - 1642</subfield>
    </datafield>
    <datafield tag="678" ind1=" " ind2=" ">
      <subfield code="b">Kardinalinfant von Spanien; ab 1620 Erzbischof von Toledo; ab 1634 Statthalter der Span. Niederlande</subfield>
    </datafield>
    <datafield tag="700" ind1="0" ind2="7">
      <subfield code="a">Fernando</subfield>
      <subfield code="c">Infante of Spain</subfield>
      <subfield code="d">1609-1641</subfield>
      <subfield code="0">(DLC)nr2004027306</subfield>
      <subfield code="2">naf</subfield>
      <subfield code="9">v:1609-1641</subfield>
    </datafield>
    <datafield tag="913" ind1=" " ind2=" ">
      <subfield code="S">pnd</subfield>
      <subfield code="i">5</subfield>
      <subfield code="a">Ferdinand &lt;Österreich, Erzherzog, 1609-1641&gt;</subfield>
      <subfield code="0">(DE-588a)118686739</subfield>
    </datafield>
    <datafield tag="913" ind1=" " ind2=" ">
      <subfield code="S">pnd</subfield>
      <subfield code="i">5</subfield>
      <subfield code="a">Fernando &lt;Infante Cardenal&gt;</subfield>
      <subfield code="0">(DE-588a)172859735</subfield>
    </datafield>
    <datafield tag="913" ind1=" " ind2=" ">
      <subfield code="S">pnd</subfield>
      <subfield code="i">5</subfield>
      <subfield code="a">Fernando &lt;Infante Cardenal&gt;</subfield>
      <subfield code="0">(DE-588a)100987567</subfield>
    </datafield>
  </record>
